@report{srboek,
	title = {Object-Oriented
Reengineering Patterns},
	author = {Serge Demeyer, Stéphane Ducasse, Oscar Nierstrasz}, 
	year = {2013}
}

@report{p2,
	title = {Consistent Projectional Text Editors},
	author = {S. M. Guttormsen, A. Prinz and T. Gjøsæter},
	year = {2017}
}

@report{p3,
	title = {Lessons learned from Developing mbeddr: A Case Study in Language Engineering with MPS},
	author = {Markus Voelter, Bernd Kolb, Tamás Szabó, Daniel Ratiu, Arie van Deursen (SoSyM)},
	journal = {ACM/IEEE 20th International Conference on Model Driven Engineering Languages and Systems (MODELS'17)}, 
	year = {2017}
}

@report{p4,
	title = {Automated testing of DSL implementations—experiences from building mbeddr},
	author = {Daniel Ratiu, Markus Voelter, Domenik Pavletic},
	year = {2017}
}

@online{pedsim,
	title = {{PedSim} Home Page},
	url = {http://pedsim.silmaril.org},
	urldate = {2019-01-22}
}

@online{mps,
	title = {{MPS}: The Domain Specific Language Creator by JetBrains},
	url = {https://www.jetbrains.com/mps/},
	urldate = {2019-01-22}
}

@online{mpsdocs,
	title = {{MPS} User's Guide - MPS 2018.3 Documentation - Confluence},
	url = {https://confluence.jetbrains.com/display/MPSD20183/MPS+User's+Guide},
	urldate = {2019-01-22}
}

@online{mpsres,
	title = {{Fast Track to MPS}  - MPS 2018.3 Documentation - Confluence},
	url = {https://confluence.jetbrains.com/display/MPSD20183/Fast+Track+to+MPS},
	urldate = {2019-01-22}
}
